<record><leader>00000cas a22000007a 4500</leader><controlfield tag="001">12130573</controlfield><controlfield tag="008">850607d19371958njuwr ne      0    0eng d</controlfield><datafield ind1=" " ind2=" " tag="010"><subfield code="a">sn 85035783 </subfield></datafield><datafield ind1=" " ind2=" " tag="040"><subfield code="a">NPA</subfield><subfield code="b">eng</subfield><subfield code="c">NPA</subfield><subfield code="d">NJW</subfield><subfield code="d">OCLCQ</subfield></datafield><datafield ind1=" " ind2=" " tag="042"><subfield code="a">msc</subfield></datafield><datafield ind1="0" ind2="0" tag="245"><subfield code="a">Citizen and chronicle.</subfield></datafield><datafield ind1=" " ind2=" " tag="260"><subfield code="a">Cranford, N.J. :</subfield><subfield code="b">Cranford Citizen and Chronicle, Inc.,</subfield><subfield code="c">1937-1958.</subfield></datafield><datafield ind1=" " ind2=" " tag="300"><subfield code="a">v. :</subfield><subfield code="b">ill.</subfield></datafield><datafield ind1=" " ind2=" " tag="310"><subfield code="a">Weekly</subfield></datafield><datafield ind1="0" ind2=" " tag="362"><subfield code="a">Vol. 40, no. 13 (May 20, 1937)-v. 65, no. 39 (Oct. 23, 1958).</subfield></datafield><datafield ind1=" " ind2=" " tag="530"><subfield code="a">Also issued on microfilm by the Microfilming Corp. of America and the Rutgers University Library Photoduplication Dept.</subfield></datafield><datafield ind1=" " ind2=" " tag="752"><subfield code="a">United States</subfield><subfield code="b">New Jersey</subfield><subfield code="c">Union</subfield><subfield code="d">Cranford.</subfield></datafield><datafield ind1=" " ind2=" " tag="752"><subfield code="a">United States</subfield><subfield code="b">New Jersey</subfield><subfield code="c">Union</subfield><subfield code="d">Garwood.</subfield></datafield><datafield ind1=" " ind2=" " tag="752"><subfield code="a">United States</subfield><subfield code="b">New Jersey</subfield><subfield code="c">Union</subfield><subfield code="d">Kenilworth.</subfield></datafield><datafield ind1="0" ind2="0" tag="780"><subfield code="t">Cranford citizen and chronicle (1921)</subfield><subfield code="w">(DLC)sn 85035782</subfield><subfield code="w">(OCoLC)12130485</subfield></datafield><datafield ind1="0" ind2="0" tag="785"><subfield code="t">Cranford citizen and chronicle (1958)</subfield><subfield code="w">(DLC)sn 85035784</subfield><subfield code="w">(OCoLC)12130648</subfield></datafield></record>